%% This BibTeX bibliography file was created using BibDesk.
%% http://bibdesk.sourceforge.net/


%% Created for Lauro Cesar Araujo at 2013-04-05 08:03:49 -0300 


%% Saved with string encoding Unicode (UTF-8) 



@misc{ramirez2007desempenho,
  title={Desempenho dos modelos clim{\'a}ticos do IPCC em simular a precipita{\c{c}}{\~a}o presente e futura sobre o territ{\'o}rio brasileiro},
  author={Ram{\'\i}rez, Mar{\'\i}a Cleof{\'e} Valverde and Orsini, Jos{\'e} Antonio Marengo},
  year={2007},
  publisher={Instituto Nacional de Pesquisas Espaciais--INPE}
}

@misc{wiki:001,
   author = "Wikipedia",
   title = "Pseudorandomness --- Wikipedia{,} The Free Encyclopedia",
   year = "2015",
   url = "https://en.wikipedia.org/w/index.php?title=Pseudorandomness&oldid=696096676",
   note = "[Online; accessed 17-April-2016]"
}
 
@misc{wiki:002,
   author = "Wikipedia",
   title = "Marsaglia polar method --- Wikipedia{,} The Free Encyclopedia",
   year = "2016",
   url = "https://en.wikipedia.org/w/index.php?title=Marsaglia_polar_method&oldid=701753377",
   note = "[Online; accessed 17-April-2016]"
   }